<?xml version="1.0" encoding="UTF-8"?><collection xmlns="http://www.loc.gov/MARC21/slim"><record><leader>00688nam--2200217-u-4500</leader><controlfield tag="001">000053316</controlfield><controlfield tag="002">20161230</controlfield><controlfield tag="005">20161230201051</controlfield><controlfield tag="008">110210s1000------------r-----000-0-eng-d</controlfield><datafield ind1=" " ind2=" " tag="020"><subfield code="a">3540547037</subfield></datafield><datafield ind1=" " ind2=" " tag="040"><subfield code="a">IFIN-HH</subfield></datafield><datafield ind1=" " ind2=" " tag="080"><subfield code="a">517.53:517.55</subfield></datafield><datafield ind1="1" ind2=" " tag="100"><subfield code="a">Gonchar, A.A</subfield></datafield><datafield ind1="1" ind2="0" tag="245"><subfield code="a">Complex analysis i</subfield><subfield code="b">Entire and meromorphic functions polyanalytic functions and their generalization</subfield><subfield code="c">A.A. GONCHAR; V.P. HAVIN; N.K. NIKOLSKI (Eds.)</subfield></datafield><datafield ind1=" " ind2=" " tag="260"><subfield code="a">Berlin</subfield><subfield code="b">Springer</subfield><subfield code="c">1997</subfield></datafield><datafield ind1=" " ind2=" " tag="300"><subfield code="a">261P</subfield></datafield><datafield ind1=" " ind2=" " tag="490"><subfield code="a">Enciclopedia Of Mathematical Sciences</subfield><subfield code="v">Vol. 85</subfield></datafield><datafield ind1="1" ind2=" " tag="700"><subfield code="a">Havin, V. P</subfield><subfield code="e">Ed</subfield></datafield><datafield ind1=" " ind2=" " tag="700"><subfield code="a">Nikolski, N.K</subfield><subfield code="e">Ed</subfield></datafield><datafield ind1=" " ind2=" " tag="852"><subfield code="a">81447</subfield><subfield code="c">517.53:517.55</subfield></datafield><datafield ind1=" " ind2=" " tag="CAT"><subfield code="a">Sys</subfield><subfield code="c">20110210</subfield><subfield code="h">142257</subfield></datafield></record></collection>